<record><leader>02414cam a22006017i 4500</leader><controlfield tag="001">6807374</controlfield><controlfield tag="003">OCoLC</controlfield><controlfield tag="005">20150128070034.9</controlfield><controlfield tag="006">m     o  d        </controlfield><controlfield tag="007">cr cnu---unuuu</controlfield><controlfield tag="008">141227s2015    mdu     o     000 0 eng d</controlfield><datafield ind1=" " ind2=" " tag="020"><subfield code="a">9781498504959</subfield><subfield code="q">electronic bk.</subfield></datafield><datafield ind1=" " ind2=" " tag="020"><subfield code="a">1498504957</subfield><subfield code="q">electronic bk.</subfield></datafield><datafield ind1=" " ind2=" " tag="020"><subfield code="z">9781498504942</subfield></datafield><datafield ind1=" " ind2=" " tag="035"><subfield code="a">ocn898769370</subfield></datafield><datafield ind1=" " ind2=" " tag="037"><subfield code="a">931033</subfield><subfield code="b">EBSCO</subfield></datafield><datafield ind1=" " ind2=" " tag="039"><subfield code="a">exclude</subfield></datafield><datafield ind1=" " ind2=" " tag="040"><subfield code="a">EBLCP</subfield><subfield code="b">eng</subfield><subfield code="e">pn</subfield><subfield code="c">EBLCP</subfield><subfield code="d">N$T</subfield><subfield code="d">OCLCQ</subfield><subfield code="d">N$T</subfield><subfield code="d">AEU</subfield></datafield><datafield ind1=" " ind2="4" tag="050"><subfield code="a">JC251.R32</subfield><subfield code="b">J634 2015</subfield></datafield><datafield ind1=" " ind2="7" tag="072"><subfield code="a">PHI</subfield><subfield code="x">019000</subfield><subfield code="2">bisacsh</subfield></datafield><datafield ind1=" " ind2="7" tag="072"><subfield code="a">POL</subfield><subfield code="x">032000</subfield><subfield code="2">bisacsh</subfield></datafield><datafield ind1=" " ind2="7" tag="072"><subfield code="a">POL</subfield><subfield code="x">040000</subfield><subfield code="2">bisacsh</subfield></datafield><datafield ind1=" " ind2="7" tag="072"><subfield code="a">POL</subfield><subfield code="x">030000</subfield><subfield code="2">bisacsh</subfield></datafield><datafield ind1=" " ind2="7" tag="072"><subfield code="a">POL</subfield><subfield code="x">018000</subfield><subfield code="2">bisacsh</subfield></datafield><datafield ind1="0" ind2="4" tag="082"><subfield code="a">320.01/1</subfield></datafield><datafield ind1=" " ind2=" " tag="090"><subfield code="a">Internet Access</subfield><subfield code="b">AEU</subfield></datafield><datafield ind1="0" ind2="0" tag="245"><subfield code="a">John Rawls and Christian social engagement</subfield><subfield code="h">[electronic resource] :</subfield><subfield code="b">justice as unfairness /</subfield><subfield code="c">edited by Anthony B. Bradley and Greg Forster.</subfield></datafield><datafield ind1=" " ind2=" " tag="260"><subfield code="a">Lanham :</subfield><subfield code="b">Lexington Books,</subfield><subfield code="c">[2015]</subfield></datafield><datafield ind1=" " ind2=" " tag="300"><subfield code="a">1 online resource (217 pages)</subfield></datafield><datafield ind1=" " ind2=" " tag="336"><subfield code="a">text</subfield><subfield code="b">txt</subfield><subfield code="2">rdacontent</subfield></datafield><datafield ind1=" " ind2=" " tag="337"><subfield code="a">computer</subfield><subfield code="b">c</subfield><subfield code="2">rdamedia</subfield></datafield><datafield ind1=" " ind2=" " tag="338"><subfield code="a">online resource</subfield><subfield code="b">cr</subfield><subfield code="2">rdacarrier</subfield></datafield><datafield ind1=" " ind2=" " tag="506"><subfield code="a">Access restricted to authorized users and institutions.</subfield></datafield><datafield ind1=" " ind2=" " tag="520"><subfield code="a">In this book, leading Christian political thinkers and practitioners critique the Rawlsian concepts of "justice as fairness" and "public reason" from the perspective of Christian political theory and practice. It provides a new level of analysis from Christian perspectives, including implications for such hot topics as the culture war.</subfield></datafield><datafield ind1="0" ind2=" " tag="588"><subfield code="a">Print version record.</subfield></datafield><datafield ind1=" " ind2=" " tag="596"><subfield code="a">44</subfield></datafield><datafield ind1="1" ind2="0" tag="600"><subfield code="a">Rawls, John,</subfield><subfield code="d">1921-2002.</subfield></datafield><datafield ind1=" " ind2="0" tag="650"><subfield code="a">Christianity and justice.</subfield></datafield><datafield ind1="1" ind2=" " tag="700"><subfield code="a">Bradley, Anthony B.,</subfield><subfield code="d">1971-</subfield></datafield><datafield ind1="1" ind2=" " tag="700"><subfield code="a">Forster, Greg,</subfield><subfield code="d">1973-</subfield></datafield><datafield ind1="1" ind2=" " tag="700"><subfield code="a">Arbo, Matthew.</subfield></datafield><datafield ind1="1" ind2=" " tag="700"><subfield code="a">Baker, Hunter.</subfield></datafield><datafield ind1="1" ind2=" " tag="700"><subfield code="a">Foss, Jerome C.</subfield></datafield><datafield ind1="1" ind2=" " tag="700"><subfield code="a">Kelly, Daniel.</subfield></datafield><datafield ind1="1" ind2=" " tag="700"><subfield code="a">Knippenberg, Joseph.</subfield></datafield><datafield ind1="1" ind2=" " tag="700"><subfield code="a">McGraw, Bryan.</subfield></datafield><datafield ind1="1" ind2=" " tag="700"><subfield code="a">Parks, Matthew.</subfield></datafield><datafield ind1="1" ind2=" " tag="700"><subfield code="a">Taliaferro, Karen.</subfield></datafield><datafield ind1="1" ind2=" " tag="700"><subfield code="a">Teevan, John Addison.</subfield></datafield><datafield ind1="1" ind2=" " tag="700"><subfield code="a">Watson, Micah.</subfield></datafield><datafield ind1="4" ind2="0" tag="856"><subfield code="3">University of Alberta Access</subfield><subfield code="u">http://search.ebscohost.com/login.aspx?direct=true&amp;scope=site&amp;db=nlebk&amp;db=nlabk&amp;AN=931033</subfield><subfield code="z">(Single User Access)</subfield></datafield><datafield ind1=" " ind2=" " tag="949"><subfield code="h">UAIN</subfield><subfield code="z">EBSCOUA</subfield></datafield><datafield ind1=" " ind2=" " tag="926"><subfield code="a">Internet Access</subfield><subfield code="w">LC</subfield><subfield code="c">1</subfield><subfield code="i">6807374-1001</subfield><subfield code="l">INTERNET</subfield><subfield code="m">UAINTERNET</subfield><subfield code="r">Y</subfield><subfield code="s">Y</subfield><subfield code="t">E-RESOURCE</subfield><subfield code="u">2/18/2015</subfield><subfield code="x">E-BOOK</subfield><subfield code="z">EBSCOUA</subfield></datafield></record>